@article{silver2016mastering_alphago,
  title={Mastering the game of Go with deep neural networks and tree search},
  author={Silver, David and Huang, Aja and Maddison, Chris J and Guez, Arthur and Sifre, Laurent and Van Den Driessche, George and Schrittwieser, Julian and Antonoglou, Ioannis and Panneershelvam, Veda and Lanctot, Marc and others},
  journal={Nature},
  volume={529},
  number={7587},
  pages={484--489},
  year={2016},
  publisher={Nature Research}
}
@misc{wierd_alphago,
  title={IN TWO MOVES, ALPHAGO AND LEE SEDOL REDEFINED THE FUTURE},
  author={Cade Metz},
  year={2016},
  url       = {https://www.wired.com/2016/03/two-moves-alphago-lee-sedol-redefined-future/},
  publisher={Wired}
}

@misc{davinci_code,
  title={Coda (board game)},
  author={Wikipedia},
  year={2017},
  url       = {https://en.wikipedia.org/wiki/Coda_(board_game)},
  publisher={Wikipedia}
}
@misc{davinci_code,
  title={Monte Carlo tree search},
  author={Wikipedia},
  year={2017},
  url       = {https://en.wikipedia.org/wiki/Monte_Carlo_tree_search},
  publisher={Wikipedia}
}
@inproceedings{hpca2015valley,
  title={Priority-Based Cache Allocation in Throughput Processors},
  author={Dong Li, Minsoo Rhu§, Daniel R. Johnson‡, Mike O’Connor
,Mattan Erez, Doug Burger, Donald S. Fussell
and Stephen W. Keckler},vbooktitle={High Performance Computer Architecture, 2015 IEEE Symposium on},
  pages={1--12},
  year={2015}
}
